[gd_scene load_steps=7 format=2]

[ext_resource path="res://Scenes/Player.tscn" type="PackedScene" id=1]
[ext_resource path="res://Scenes/Spawner.gd" type="Script" id=2]
[ext_resource path="res://Scenes/EnemyManager.gd" type="Script" id=3]
[ext_resource path="res://Sprites/bullet.png" type="Texture" id=4]
[ext_resource path="res://Scripts/Main.gd" type="Script" id=6]
[ext_resource path="res://Scenes/Enemy.tscn" type="PackedScene" id=7]

[node name="Main" type="Node2D"]
script = ExtResource( 6 )

[node name="World" type="Node2D" parent="."]

[node name="BattleMap" type="TileMap" parent="World"]
format = 1

[node name="Spawner" type="Node2D" parent="World/BattleMap"]
script = ExtResource( 2 )

[node name="delete me later" type="Sprite" parent="World/BattleMap/Spawner"]
texture = ExtResource( 4 )

[node name="SpawnCount" type="Label" parent="World/BattleMap/Spawner"]
anchor_left = 0.5
anchor_top = 0.5
anchor_right = 0.5
anchor_bottom = 0.5
margin_left = -400.347
margin_top = -99.9495
margin_right = -200.347
margin_bottom = -49.9495
rect_min_size = Vector2( 200, 40 )
rect_scale = Vector2( 4, 4 )
align = 1
valign = 1

[node name="EnemyManager" type="Node2D" parent="World/BattleMap"]
script = ExtResource( 3 )

[node name="Player" parent="World/BattleMap" instance=ExtResource( 1 )]
position = Vector2( 408, 122 )

[node name="Enemy" parent="World/BattleMap" instance=ExtResource( 7 )]
position = Vector2( 758.255, 344.205 )
